<?xml version="1.0" encoding="UTF-8"?><collection xmlns="http://www.loc.gov/MARC21/slim"><record><leader>00663nam--2200169-i-4500</leader><controlfield tag="001">000019860</controlfield><controlfield tag="002">20161230</controlfield><controlfield tag="005">20161230201033</controlfield><controlfield tag="008">060222s1000------------r-----000-0-eng-d</controlfield><datafield ind1=" " ind2=" " tag="040"><subfield code="a">IFIN-HH</subfield></datafield><datafield ind1=" " ind2=" " tag="080"><subfield code="a">539.12:539.17(043)</subfield></datafield><datafield ind1="1" ind2=" " tag="100"><subfield code="a">El-hage, Youssef Kamal</subfield></datafield><datafield ind1="1" ind2="0" tag="245"><subfield code="a">Composentes de coeur excite des niveaux 2d5/2 , 2d3/2, 1g7/2 et 1h1 1/2 dans le 97zr et le 93mo et mise en evidence de multiplets particule-trou dans la region n=50 neutrons a l aide des experiences 96zr(3he.d), 96zr(3he, dp)et 92mo(3he, dp)</subfield><subfield code="b">These</subfield><subfield code="c">Youssef kamal el-hage</subfield></datafield><datafield ind1=" " ind2=" " tag="260"><subfield code="a">Paris</subfield><subfield code="b">Universite</subfield><subfield code="c">1978</subfield></datafield><datafield ind1=" " ind2=" " tag="300"><subfield code="a">78P</subfield></datafield><datafield ind1=" " ind2=" " tag="852"><subfield code="a">48418</subfield><subfield code="c">539.12</subfield></datafield><datafield ind1=" " ind2=" " tag="CAT"><subfield code="a">Sys</subfield><subfield code="c">20111207</subfield><subfield code="h">122023</subfield></datafield></record></collection>